%YAML 1.1
%TAG !u! tag:unity3d.com,2011:
--- !u!1 &7498289797626015019
GameObject:
  m_ObjectHideFlags: 0
  m_CorrespondingSourceObject: {fileID: 0}
  m_PrefabInstance: {fileID: 0}
  m_PrefabAsset: {fileID: 0}
  serializedVersion: 6
  m_Component:
  - component: {fileID: 7498289797626015021}
  - component: {fileID: 7498289797626015018}
  - component: {fileID: 6584590363232191776}
  m_Layer: 0
  m_Name: Arrow
  m_TagString: Untagged
  m_Icon: {fileID: 5132851093641282708, guid: 0000000000000000d000000000000000, type: 0}
  m_NavMeshLayer: 0
  m_StaticEditorFlags: 0
  m_IsActive: 1
--- !u!4 &7498289797626015021
Transform:
  m_ObjectHideFlags: 0
  m_CorrespondingSourceObject: {fileID: 0}
  m_PrefabInstance: {fileID: 0}
  m_PrefabAsset: {fileID: 0}
  m_GameObject: {fileID: 7498289797626015019}
  m_LocalRotation: {x: 0, y: 0, z: 0, w: 1}
  m_LocalPosition: {x: 49.76, y: -11.29, z: 11.82}
  m_LocalScale: {x: 1, y: 1, z: 1}
  m_Children:
  - {fileID: 8576997055147776776}
  - {fileID: 2871234377647246042}
  - {fileID: 8480587113718021056}
  m_Father: {fileID: 0}
  m_RootOrder: 0
  m_LocalEulerAnglesHint: {x: 0, y: 0, z: 0}
--- !u!114 &7498289797626015018
MonoBehaviour:
  m_ObjectHideFlags: 0
  m_CorrespondingSourceObject: {fileID: 0}
  m_PrefabInstance: {fileID: 0}
  m_PrefabAsset: {fileID: 0}
  m_GameObject: {fileID: 7498289797626015019}
  m_Enabled: 1
  m_EditorHideFlags: 0
  m_Script: {fileID: 11500000, guid: ebfde168f04984700807cad2c793cda9, type: 3}
  m_Name: 
  m_EditorClassIdentifier: 
  targetLocation: {x: 0, y: 0, z: 0}
  speed: 1
  height: 20
  decayStart: 0.75
  decayAmount: 0.25
  jetPackOn: 0
  trail: {fileID: 2871234377647246043}
  isCannonBall: 0
  hitParticle: {fileID: 8480587113718021063}
--- !u!135 &6584590363232191776
SphereCollider:
  m_ObjectHideFlags: 0
  m_CorrespondingSourceObject: {fileID: 0}
  m_PrefabInstance: {fileID: 0}
  m_PrefabAsset: {fileID: 0}
  m_GameObject: {fileID: 7498289797626015019}
  m_Material: {fileID: 0}
  m_IsTrigger: 1
  m_Enabled: 1
  serializedVersion: 2
  m_Radius: 0.2
  m_Center: {x: 0, y: 0, z: 0}
--- !u!1001 &6050873198830892317
PrefabInstance:
  m_ObjectHideFlags: 0
  serializedVersion: 2
  m_Modification:
    m_TransformParent: {fileID: 7498289797626015021}
    m_Modifications:
    - target: {fileID: 8368155854149713856, guid: 1cb06d73672244dc088ee47d22e90960,
        type: 3}
      propertyPath: m_Name
      value: ArrowTrail
      objectReference: {fileID: 0}
    - target: {fileID: 8368155854149713856, guid: 1cb06d73672244dc088ee47d22e90960,
        type: 3}
      propertyPath: m_IsActive
      value: 1
      objectReference: {fileID: 0}
    - target: {fileID: 8368155854149713862, guid: 1cb06d73672244dc088ee47d22e90960,
        type: 3}
      propertyPath: InitialModule.startSpeed.scalar
      value: 5
      objectReference: {fileID: 0}
    - target: {fileID: 8368155854149713862, guid: 1cb06d73672244dc088ee47d22e90960,
        type: 3}
      propertyPath: EmissionModule.rateOverTime.scalar
      value: 0
      objectReference: {fileID: 0}
    - target: {fileID: 8368155854149713862, guid: 1cb06d73672244dc088ee47d22e90960,
        type: 3}
      propertyPath: EmissionModule.rateOverDistance.scalar
      value: 10
      objectReference: {fileID: 0}
    - target: {fileID: 8368155854149713862, guid: 1cb06d73672244dc088ee47d22e90960,
        type: 3}
      propertyPath: NoiseModule.enabled
      value: 1
      objectReference: {fileID: 0}
    - target: {fileID: 8368155854149713862, guid: 1cb06d73672244dc088ee47d22e90960,
        type: 3}
      propertyPath: NoiseModule.strength.scalar
      value: 0.5
      objectReference: {fileID: 0}
    - target: {fileID: 8368155854149713862, guid: 1cb06d73672244dc088ee47d22e90960,
        type: 3}
      propertyPath: NoiseModule.frequency
      value: 0.5
      objectReference: {fileID: 0}
    - target: {fileID: 8368155854149713862, guid: 1cb06d73672244dc088ee47d22e90960,
        type: 3}
      propertyPath: NoiseModule.scrollSpeed.scalar
      value: 0.5
      objectReference: {fileID: 0}
    - target: {fileID: 8368155854149713863, guid: 1cb06d73672244dc088ee47d22e90960,
        type: 3}
      propertyPath: m_LocalPosition.x
      value: 0
      objectReference: {fileID: 0}
    - target: {fileID: 8368155854149713863, guid: 1cb06d73672244dc088ee47d22e90960,
        type: 3}
      propertyPath: m_LocalPosition.y
      value: 0
      objectReference: {fileID: 0}
    - target: {fileID: 8368155854149713863, guid: 1cb06d73672244dc088ee47d22e90960,
        type: 3}
      propertyPath: m_LocalPosition.z
      value: -2.25
      objectReference: {fileID: 0}
    - target: {fileID: 8368155854149713863, guid: 1cb06d73672244dc088ee47d22e90960,
        type: 3}
      propertyPath: m_LocalRotation.x
      value: 0
      objectReference: {fileID: 0}
    - target: {fileID: 8368155854149713863, guid: 1cb06d73672244dc088ee47d22e90960,
        type: 3}
      propertyPath: m_LocalRotation.y
      value: 1
      objectReference: {fileID: 0}
    - target: {fileID: 8368155854149713863, guid: 1cb06d73672244dc088ee47d22e90960,
        type: 3}
      propertyPath: m_LocalRotation.z
      value: 0
      objectReference: {fileID: 0}
    - target: {fileID: 8368155854149713863, guid: 1cb06d73672244dc088ee47d22e90960,
        type: 3}
      propertyPath: m_LocalRotation.w
      value: 0
      objectReference: {fileID: 0}
    - target: {fileID: 8368155854149713863, guid: 1cb06d73672244dc088ee47d22e90960,
        type: 3}
      propertyPath: m_RootOrder
      value: 1
      objectReference: {fileID: 0}
    - target: {fileID: 8368155854149713863, guid: 1cb06d73672244dc088ee47d22e90960,
        type: 3}
      propertyPath: m_LocalEulerAnglesHint.x
      value: 0
      objectReference: {fileID: 0}
    - target: {fileID: 8368155854149713863, guid: 1cb06d73672244dc088ee47d22e90960,
        type: 3}
      propertyPath: m_LocalEulerAnglesHint.y
      value: 180
      objectReference: {fileID: 0}
    - target: {fileID: 8368155854149713863, guid: 1cb06d73672244dc088ee47d22e90960,
        type: 3}
      propertyPath: m_LocalEulerAnglesHint.z
      value: 0
      objectReference: {fileID: 0}
    - target: {fileID: 8368155854149713863, guid: 1cb06d73672244dc088ee47d22e90960,
        type: 3}
      propertyPath: m_LocalScale.x
      value: 1
      objectReference: {fileID: 0}
    - target: {fileID: 8368155854149713863, guid: 1cb06d73672244dc088ee47d22e90960,
        type: 3}
      propertyPath: m_LocalScale.z
      value: 1
      objectReference: {fileID: 0}
    m_RemovedComponents: []
  m_SourcePrefab: {fileID: 100100000, guid: 1cb06d73672244dc088ee47d22e90960, type: 3}
--- !u!4 &2871234377647246042 stripped
Transform:
  m_CorrespondingSourceObject: {fileID: 8368155854149713863, guid: 1cb06d73672244dc088ee47d22e90960,
    type: 3}
  m_PrefabInstance: {fileID: 6050873198830892317}
  m_PrefabAsset: {fileID: 0}
--- !u!198 &2871234377647246043 stripped
ParticleSystem:
  m_CorrespondingSourceObject: {fileID: 8368155854149713862, guid: 1cb06d73672244dc088ee47d22e90960,
    type: 3}
  m_PrefabInstance: {fileID: 6050873198830892317}
  m_PrefabAsset: {fileID: 0}
--- !u!1001 &7098489748863432324
PrefabInstance:
  m_ObjectHideFlags: 0
  serializedVersion: 2
  m_Modification:
    m_TransformParent: {fileID: 7498289797626015021}
    m_Modifications:
    - target: {fileID: 1671961211558382913, guid: a8aa79bcd4b7e48f4b397ec0fc84a7e6,
        type: 3}
      propertyPath: m_Name
      value: Hit_Misc_particle
      objectReference: {fileID: 0}
    - target: {fileID: 1671961211558382915, guid: a8aa79bcd4b7e48f4b397ec0fc84a7e6,
        type: 3}
      propertyPath: InitialModule.startSpeed.minScalar
      value: 8
      objectReference: {fileID: 0}
    - target: {fileID: 1671961211558382915, guid: a8aa79bcd4b7e48f4b397ec0fc84a7e6,
        type: 3}
      propertyPath: InitialModule.startSpeed.scalar
      value: 15
      objectReference: {fileID: 0}
    - target: {fileID: 1671961211558382915, guid: a8aa79bcd4b7e48f4b397ec0fc84a7e6,
        type: 3}
      propertyPath: playOnAwake
      value: 0
      objectReference: {fileID: 0}
    - target: {fileID: 1671961211558382916, guid: a8aa79bcd4b7e48f4b397ec0fc84a7e6,
        type: 3}
      propertyPath: m_LocalPosition.x
      value: 0
      objectReference: {fileID: 0}
    - target: {fileID: 1671961211558382916, guid: a8aa79bcd4b7e48f4b397ec0fc84a7e6,
        type: 3}
      propertyPath: m_LocalPosition.y
      value: 0
      objectReference: {fileID: 0}
    - target: {fileID: 1671961211558382916, guid: a8aa79bcd4b7e48f4b397ec0fc84a7e6,
        type: 3}
      propertyPath: m_LocalPosition.z
      value: 0
      objectReference: {fileID: 0}
    - target: {fileID: 1671961211558382916, guid: a8aa79bcd4b7e48f4b397ec0fc84a7e6,
        type: 3}
      propertyPath: m_LocalRotation.x
      value: 0
      objectReference: {fileID: 0}
    - target: {fileID: 1671961211558382916, guid: a8aa79bcd4b7e48f4b397ec0fc84a7e6,
        type: 3}
      propertyPath: m_LocalRotation.y
      value: 0
      objectReference: {fileID: 0}
    - target: {fileID: 1671961211558382916, guid: a8aa79bcd4b7e48f4b397ec0fc84a7e6,
        type: 3}
      propertyPath: m_LocalRotation.z
      value: 0
      objectReference: {fileID: 0}
    - target: {fileID: 1671961211558382916, guid: a8aa79bcd4b7e48f4b397ec0fc84a7e6,
        type: 3}
      propertyPath: m_LocalRotation.w
      value: 1
      objectReference: {fileID: 0}
    - target: {fileID: 1671961211558382916, guid: a8aa79bcd4b7e48f4b397ec0fc84a7e6,
        type: 3}
      propertyPath: m_RootOrder
      value: 2
      objectReference: {fileID: 0}
    - target: {fileID: 1671961211558382916, guid: a8aa79bcd4b7e48f4b397ec0fc84a7e6,
        type: 3}
      propertyPath: m_LocalEulerAnglesHint.x
      value: 0
      objectReference: {fileID: 0}
    - target: {fileID: 1671961211558382916, guid: a8aa79bcd4b7e48f4b397ec0fc84a7e6,
        type: 3}
      propertyPath: m_LocalEulerAnglesHint.y
      value: 0
      objectReference: {fileID: 0}
    - target: {fileID: 1671961211558382916, guid: a8aa79bcd4b7e48f4b397ec0fc84a7e6,
        type: 3}
      propertyPath: m_LocalEulerAnglesHint.z
      value: 0
      objectReference: {fileID: 0}
    m_RemovedComponents: []
  m_SourcePrefab: {fileID: 100100000, guid: a8aa79bcd4b7e48f4b397ec0fc84a7e6, type: 3}
--- !u!4 &8480587113718021056 stripped
Transform:
  m_CorrespondingSourceObject: {fileID: 1671961211558382916, guid: a8aa79bcd4b7e48f4b397ec0fc84a7e6,
    type: 3}
  m_PrefabInstance: {fileID: 7098489748863432324}
  m_PrefabAsset: {fileID: 0}
--- !u!198 &8480587113718021063 stripped
ParticleSystem:
  m_CorrespondingSourceObject: {fileID: 1671961211558382915, guid: a8aa79bcd4b7e48f4b397ec0fc84a7e6,
    type: 3}
  m_PrefabInstance: {fileID: 7098489748863432324}
  m_PrefabAsset: {fileID: 0}
--- !u!1001 &8110178213237030115
PrefabInstance:
  m_ObjectHideFlags: 0
  serializedVersion: 2
  m_Modification:
    m_TransformParent: {fileID: 7498289797626015021}
    m_Modifications:
    - target: {fileID: -8679921383154817045, guid: 1656f2fab6da74728908b83c94517fe0,
        type: 3}
      propertyPath: m_LocalPosition.x
      value: 0
      objectReference: {fileID: 0}
    - target: {fileID: -8679921383154817045, guid: 1656f2fab6da74728908b83c94517fe0,
        type: 3}
      propertyPath: m_LocalPosition.y
      value: 0
      objectReference: {fileID: 0}
    - target: {fileID: -8679921383154817045, guid: 1656f2fab6da74728908b83c94517fe0,
        type: 3}
      propertyPath: m_LocalPosition.z
      value: 0
      objectReference: {fileID: 0}
    - target: {fileID: -8679921383154817045, guid: 1656f2fab6da74728908b83c94517fe0,
        type: 3}
      propertyPath: m_LocalRotation.x
      value: 0
      objectReference: {fileID: 0}
    - target: {fileID: -8679921383154817045, guid: 1656f2fab6da74728908b83c94517fe0,
        type: 3}
      propertyPath: m_LocalRotation.y
      value: 1
      objectReference: {fileID: 0}
    - target: {fileID: -8679921383154817045, guid: 1656f2fab6da74728908b83c94517fe0,
        type: 3}
      propertyPath: m_LocalRotation.z
      value: 0
      objectReference: {fileID: 0}
    - target: {fileID: -8679921383154817045, guid: 1656f2fab6da74728908b83c94517fe0,
        type: 3}
      propertyPath: m_LocalRotation.w
      value: 0
      objectReference: {fileID: 0}
    - target: {fileID: -8679921383154817045, guid: 1656f2fab6da74728908b83c94517fe0,
        type: 3}
      propertyPath: m_RootOrder
      value: 0
      objectReference: {fileID: 0}
    - target: {fileID: -8679921383154817045, guid: 1656f2fab6da74728908b83c94517fe0,
        type: 3}
      propertyPath: m_LocalEulerAnglesHint.x
      value: 0
      objectReference: {fileID: 0}
    - target: {fileID: -8679921383154817045, guid: 1656f2fab6da74728908b83c94517fe0,
        type: 3}
      propertyPath: m_LocalEulerAnglesHint.y
      value: 180
      objectReference: {fileID: 0}
    - target: {fileID: -8679921383154817045, guid: 1656f2fab6da74728908b83c94517fe0,
        type: 3}
      propertyPath: m_LocalEulerAnglesHint.z
      value: 0
      objectReference: {fileID: 0}
    - target: {fileID: -8679921383154817045, guid: 1656f2fab6da74728908b83c94517fe0,
        type: 3}
      propertyPath: m_LocalScale.x
      value: 1
      objectReference: {fileID: 0}
    - target: {fileID: -8679921383154817045, guid: 1656f2fab6da74728908b83c94517fe0,
        type: 3}
      propertyPath: m_LocalScale.y
      value: 1
      objectReference: {fileID: 0}
    - target: {fileID: -8679921383154817045, guid: 1656f2fab6da74728908b83c94517fe0,
        type: 3}
      propertyPath: m_LocalScale.z
      value: 1
      objectReference: {fileID: 0}
    - target: {fileID: -7511558181221131132, guid: 1656f2fab6da74728908b83c94517fe0,
        type: 3}
      propertyPath: m_Materials.Array.data[1]
      value: 
      objectReference: {fileID: 2100000, guid: 8cc34dd6a2abc4e74ac2bb923e1a3ba5, type: 2}
    - target: {fileID: 919132149155446097, guid: 1656f2fab6da74728908b83c94517fe0,
        type: 3}
      propertyPath: m_Name
      value: Arrow
      objectReference: {fileID: 0}
    m_RemovedComponents: []
  m_SourcePrefab: {fileID: 100100000, guid: 1656f2fab6da74728908b83c94517fe0, type: 3}
--- !u!4 &8576997055147776776 stripped
Transform:
  m_CorrespondingSourceObject: {fileID: -8679921383154817045, guid: 1656f2fab6da74728908b83c94517fe0,
    type: 3}
  m_PrefabInstance: {fileID: 8110178213237030115}
  m_PrefabAsset: {fileID: 0}
